@article{Ellis,
 author = {Ellis, C. A. and Gibbs, S. J.},
 title = {Concurrency Control in Groupware Systems},
 journal = {SIGMOD Rec.},
 issue_date = {June 1989},
 volume = {18},
 number = {2},
 month = jun,
 year = {1989},
 issn = {0163-5808},
 pages = {399--407},
 numpages = {9},
 url = {http://doi.acm.org/10.1145/66926.66963},
 doi = {10.1145/66926.66963},
 acmid = {66963},
 publisher = {ACM},
 address = {New York, NY, USA},
}

@article{Vidot,
 author = {Vidot, Nicolas and Cart, Michelle and Ferri{\'e}, Jean and Suleiman, Maher},
 title = {Copies Convergence in a Distributed Real-time Collaborative Environment},
 booktitle = {Proceedings of the 2000 ACM Conference on Computer Supported Cooperative Work},
 series = {CSCW '00},
 year = {2000},
 isbn = {1-58113-222-0},
 location = {Philadelphia, Pennsylvania, USA},
 pages = {171--180},
 numpages = {10},
 url = {http://doi.acm.org/10.1145/358916.358988},
 doi = {10.1145/358916.358988},
 acmid = {358988},
 publisher = {ACM},
 address = {New York, NY, USA},
}

@article{Sun,
 author = {Sun, Chengzheng and Jia, Xiaohua and Zhang, Yanchun and Yang, Yun and Chen, David},
 title = {Achieving Convergence, Causality Preservation, and Intention Preservation in Real-time Cooperative Editing Systems},
 journal = {ACM Trans. Comput.-Hum. Interact.},
 issue_date = {March 1998},
 volume = {5},
 number = {1},
 month = mar,
 year = {1998},
 issn = {1073-0516},
 pages = {63--108},
 numpages = {46},
 url = {http://doi.acm.org/10.1145/274444.274447},
 doi = {10.1145/274444.274447},
 acmid = {274447},
 publisher = {ACM},
 address = {New York, NY, USA},
 keywords = {REDUCE, causality preservation, computer-supported cooperative work, consistency maintenance, convergence, cooperative editing, groupware systems, intention preservation, operational transformation},
}

@misc{Spiewak,
  author = {Daniel Spiewak},
  journal = {Code Commit},
  title = {Understanding and Applying Operational Transformation},
  year = {2015},
  edition = {2015-17-05},
  url = {http://www.codecommit.com/blog/java/understanding-and-applying-operational-transformation},
}

@misc{Google,
  author = {Wang D., Mah A., Lassen S.},	
  journal = {Google Wave Operational Transformation},
  title = {Wave protocol Google code},
  year = {2010},
  url = {http://wave-protocol.googlecode.com/hg/whitepapers/operational-transform/operational-transform.html},
}
 

@inproceedings{Jupiter,
 author = {Nichols, David A. and Curtis, Pavel and Dixon, Michael and Lamping, John},
 title = {High-latency, Low-bandwidth Windowing in the Jupiter Collaboration System},
 booktitle = {Proceedings of the 8th Annual ACM Symposium on User Interface and Software Technology},
 series = {UIST '95},
 year = {1995},
 isbn = {0-89791-709-X},
 location = {Pittsburgh, Pennsylvania, USA},
 pages = {111--120},
 numpages = {10},
 url = {http://doi.acm.org/10.1145/215585.215706},
 doi = {10.1145/215585.215706},
 acmid = {215706},
 publisher = {ACM},
 address = {New York, NY, USA},
 keywords = {CSCW, UIMS, groupware toolkits, optimistic currency control, window toolkits},
} 

@article{Leung,
  author = {Clarence Leung},
  journal = {McGill Science Undergraduate Research Journal},
  title = {Operational transformation in cooperative software systems},
  year = {2013},
  number = {8},
  url = {http://msurj.mcgill.ca/vol8/iss1/Leung2013.pdf},
}

@inproceedings{Fraser,
 author = {Fraser, Neil},
 title = {Differential Synchronization},
 booktitle = {Proceedings of the 9th ACM Symposium on Document Engineering},
 series = {DocEng '09},
 year = {2009},
 isbn = {978-1-60558-575-8},
 location = {Munich, Germany},
 pages = {13--20},
 numpages = {8},
 url = {http://doi.acm.org/10.1145/1600193.1600198},
 doi = {10.1145/1600193.1600198},
 acmid = {1600198},
 publisher = {ACM},
 address = {New York, NY, USA},
 keywords = {collaboration, synchronization},
}   
